<?xml version="1.0" encoding="UTF-8"?><record xmlns="http://www.loc.gov/MARC21/slim" xmlns:cinclude="http://apache.org/cocoon/include/1.0" xmlns:zs="http://www.loc.gov/zing/srw/">
  <leader>00760nz  a2200193n  4500</leader>
  <controlfield tag="001">no2013027243</controlfield>
  <controlfield tag="003">DLC</controlfield>
  <controlfield tag="005">20130315110820.0</controlfield>
  <controlfield tag="008">130312n| azannaabn          |a aaa      </controlfield>
  <datafield tag="010" ind1=" " ind2=" ">
    <subfield code="a">no2013027243</subfield>
  </datafield>
  <datafield tag="035" ind1=" " ind2=" ">
    <subfield code="a">(OCoLC)oca09424949</subfield>
  </datafield>
  <datafield tag="040" ind1=" " ind2=" ">
    <subfield code="a">Nz</subfield>
    <subfield code="b">eng</subfield>
    <subfield code="e">rda</subfield>
    <subfield code="c">Nz</subfield>
  </datafield>
  <datafield tag="100" ind1="1" ind2=" ">
    <subfield code="a">Pickett, V. S. P.</subfield>
    <subfield code="q">(Violet Sarah Ponsonby)</subfield>
  </datafield>
  <datafield tag="374" ind1=" " ind2=" ">
    <subfield code="a">Cartographers</subfield>
    <subfield code="2">lcsh</subfield>
  </datafield>
  <datafield tag="377" ind1=" " ind2=" ">
    <subfield code="a">eng</subfield>
  </datafield>
  <datafield tag="378" ind1=" " ind2=" ">
    <subfield code="q">Violet Sarah Ponsonby</subfield>
  </datafield>
  <datafield tag="400" ind1="1" ind2=" ">
    <subfield code="a">Pickett, Violet Sarah Ponsonby</subfield>
  </datafield>
  <datafield tag="670" ind1=" " ind2=" ">
    <subfield code="a">Cardrona Survey District, 1925:</subfield>
    <subfield code="b">map recto (drawn by V.S.P. Pickett)</subfield>
  </datafield>
  <datafield tag="670" ind1=" " ind2=" ">
    <subfield code="a">Class, Gender and the Opportunity Structure in an Emergent Urban-Industrial Society, Dunedin's Southern Suburbs, 1881-1940 WWW site, March 6, 2013:</subfield>
    <subfield code="b">electoral roll database search (Pickett, Violet Sarah Ponsonby)</subfield>
  </datafield>
</record>